%YAML 1.1
%TAG !u! tag:unity3d.com,2011:
--- !u!29 &1
OcclusionCullingSettings:
  m_ObjectHideFlags: 0
  serializedVersion: 2
  m_OcclusionBakeSettings:
    smallestOccluder: 5
    smallestHole: 0.25
    backfaceThreshold: 100
  m_SceneGUID: 00000000000000000000000000000000
  m_OcclusionCullingData: {fileID: 0}
--- !u!104 &2
RenderSettings:
  m_ObjectHideFlags: 0
  serializedVersion: 8
  m_Fog: 0
  m_FogColor: {r: 0.5, g: 0.5, b: 0.5, a: 1}
  m_FogMode: 3
  m_FogDensity: 0.01
  m_LinearFogStart: 0
  m_LinearFogEnd: 300
  m_AmbientSkyColor: {r: 0.212, g: 0.227, b: 0.259, a: 1}
  m_AmbientEquatorColor: {r: 0.114, g: 0.125, b: 0.133, a: 1}
  m_AmbientGroundColor: {r: 0.047, g: 0.043, b: 0.035, a: 1}
  m_AmbientIntensity: 1
  m_AmbientMode: 0
  m_SubtractiveShadowColor: {r: 0.42, g: 0.478, b: 0.627, a: 1}
  m_SkyboxMaterial: {fileID: 10304, guid: 0000000000000000f000000000000000, type: 0}
  m_HaloStrength: 0.5
  m_FlareStrength: 1
  m_FlareFadeSpeed: 3
  m_HaloTexture: {fileID: 0}
  m_SpotCookie: {fileID: 10001, guid: 0000000000000000e000000000000000, type: 0}
  m_DefaultReflectionMode: 0
  m_DefaultReflectionResolution: 128
  m_ReflectionBounces: 1
  m_ReflectionIntensity: 1
  m_CustomReflection: {fileID: 0}
  m_Sun: {fileID: 0}
  m_IndirectSpecularColor: {r: 0.44657898, g: 0.4964133, b: 0.5748178, a: 1}
--- !u!157 &3
LightmapSettings:
  m_ObjectHideFlags: 0
  serializedVersion: 11
  m_GIWorkflowMode: 0
  m_GISettings:
    serializedVersion: 2
    m_BounceScale: 1
    m_IndirectOutputScale: 1
    m_AlbedoBoost: 1
    m_TemporalCoherenceThreshold: 1
    m_EnvironmentLightingMode: 0
    m_EnableBakedLightmaps: 1
    m_EnableRealtimeLightmaps: 1
  m_LightmapEditorSettings:
    serializedVersion: 9
    m_Resolution: 2
    m_BakeResolution: 40
    m_TextureWidth: 1024
    m_TextureHeight: 1024
    m_AO: 0
    m_AOMaxDistance: 1
    m_CompAOExponent: 1
    m_CompAOExponentDirect: 0
    m_Padding: 2
    m_LightmapParameters: {fileID: 0}
    m_LightmapsBakeMode: 1
    m_TextureCompression: 1
    m_FinalGather: 0
    m_FinalGatherFiltering: 1
    m_FinalGatherRayCount: 256
    m_ReflectionCompression: 2
    m_MixedBakeMode: 2
    m_BakeBackend: 0
    m_PVRSampling: 1
    m_PVRDirectSampleCount: 32
    m_PVRSampleCount: 500
    m_PVRBounces: 2
    m_PVRFilterTypeDirect: 0
    m_PVRFilterTypeIndirect: 0
    m_PVRFilterTypeAO: 0
    m_PVRFilteringMode: 1
    m_PVRCulling: 1
    m_PVRFilteringGaussRadiusDirect: 1
    m_PVRFilteringGaussRadiusIndirect: 5
    m_PVRFilteringGaussRadiusAO: 2
    m_PVRFilteringAtrousPositionSigmaDirect: 0.5
    m_PVRFilteringAtrousPositionSigmaIndirect: 2
    m_PVRFilteringAtrousPositionSigmaAO: 1
    m_ShowResolutionOverlay: 1
  m_LightingDataAsset: {fileID: 0}
  m_UseShadowmask: 1
--- !u!196 &4
NavMeshSettings:
  serializedVersion: 2
  m_ObjectHideFlags: 0
  m_BuildSettings:
    serializedVersion: 2
    agentTypeID: 0
    agentRadius: 0.5
    agentHeight: 2
    agentSlope: 45
    agentClimb: 0.4
    ledgeDropHeight: 0
    maxJumpAcrossDistance: 0
    minRegionArea: 2
    manualCellSize: 0
    cellSize: 0.16666667
    manualTileSize: 0
    tileSize: 256
    accuratePlacement: 0
    debug:
      m_Flags: 0
  m_NavMeshData: {fileID: 0}
--- !u!1 &140790371
GameObject:
  m_ObjectHideFlags: 0
  m_PrefabParentObject: {fileID: 0}
  m_PrefabInternal: {fileID: 0}
  serializedVersion: 5
  m_Component:
  - component: {fileID: 140790372}
  m_Layer: 0
  m_Name: Terrain
  m_TagString: Untagged
  m_Icon: {fileID: 0}
  m_NavMeshLayer: 0
  m_StaticEditorFlags: 0
  m_IsActive: 1
--- !u!4 &140790372
Transform:
  m_ObjectHideFlags: 0
  m_PrefabParentObject: {fileID: 0}
  m_PrefabInternal: {fileID: 0}
  m_GameObject: {fileID: 140790371}
  m_LocalRotation: {x: -0, y: -0, z: -0, w: 1}
  m_LocalPosition: {x: 116, y: -419, z: 173}
  m_LocalScale: {x: 1, y: 1, z: 1}
  m_Children:
  - {fileID: 1604592058}
  m_Father: {fileID: 0}
  m_RootOrder: 3
  m_LocalEulerAnglesHint: {x: 0, y: 0, z: 0}
--- !u!1001 &851608375
Prefab:
  m_ObjectHideFlags: 0
  serializedVersion: 2
  m_Modification:
    m_TransformParent: {fileID: 0}
    m_Modifications:
    - target: {fileID: 400002, guid: c6453f8e1f814744d8b94e5a6d1f9942, type: 2}
      propertyPath: m_LocalPosition.x
      value: 568
      objectReference: {fileID: 0}
    - target: {fileID: 400002, guid: c6453f8e1f814744d8b94e5a6d1f9942, type: 2}
      propertyPath: m_LocalPosition.y
      value: -322
      objectReference: {fileID: 0}
    - target: {fileID: 400002, guid: c6453f8e1f814744d8b94e5a6d1f9942, type: 2}
      propertyPath: m_LocalPosition.z
      value: 489
      objectReference: {fileID: 0}
    - target: {fileID: 400002, guid: c6453f8e1f814744d8b94e5a6d1f9942, type: 2}
      propertyPath: m_LocalRotation.x
      value: 0
      objectReference: {fileID: 0}
    - target: {fileID: 400002, guid: c6453f8e1f814744d8b94e5a6d1f9942, type: 2}
      propertyPath: m_LocalRotation.y
      value: 1
      objectReference: {fileID: 0}
    - target: {fileID: 400002, guid: c6453f8e1f814744d8b94e5a6d1f9942, type: 2}
      propertyPath: m_LocalRotation.z
      value: 0
      objectReference: {fileID: 0}
    - target: {fileID: 400002, guid: c6453f8e1f814744d8b94e5a6d1f9942, type: 2}
      propertyPath: m_LocalRotation.w
      value: -0.00000016292068
      objectReference: {fileID: 0}
    - target: {fileID: 400002, guid: c6453f8e1f814744d8b94e5a6d1f9942, type: 2}
      propertyPath: m_RootOrder
      value: 4
      objectReference: {fileID: 0}
    m_RemovedComponents: []
  m_ParentPrefab: {fileID: 100100000, guid: c6453f8e1f814744d8b94e5a6d1f9942, type: 2}
  m_IsPrefabParent: 0
--- !u!43 &977419845
Mesh:
  m_ObjectHideFlags: 0
  m_PrefabParentObject: {fileID: 0}
  m_PrefabInternal: {fileID: 0}
  m_Name: pb_Mesh-86964
  serializedVersion: 8
  m_SubMeshes:
  - serializedVersion: 2
    firstByte: 0
    indexCount: 96
    topology: 0
    baseVertex: 0
    firstVertex: 0
    vertexCount: 25
    localAABB:
      m_Center: {x: 5, y: 0, z: 5}
      m_Extent: {x: 5, y: 0, z: 5}
  m_Shapes:
    vertices: []
    shapes: []
    channels: []
    fullWeights: []
  m_BindPose: []
  m_BoneNameHashes: 
  m_RootBoneNameHash: 0
  m_MeshCompression: 0
  m_IsReadable: 1
  m_KeepVertices: 1
  m_KeepIndices: 1
  m_IndexFormat: 0
  m_IndexBuffer: 000001000200010003000200010004000300040005000300040006000500060007000500060008000700080009000700020003000a0003000b000a00030005000b0005000c000b00050007000c0007000d000c00070009000d0009000e000d000a000b000f000b0010000f000b000c0010000c00110010000c000d0011000d00120011000d000e0012000e00130012000f0010001400100015001400100011001500110016001500110012001600120017001600120013001700130018001700
  m_Skin: []
  m_VertexData:
    m_CurrentChannels: 159
    m_VertexCount: 25
    m_Channels:
    - stream: 0
      offset: 0
      format: 0
      dimension: 3
    - stream: 0
      offset: 12
      format: 0
      dimension: 3
    - stream: 0
      offset: 24
      format: 0
      dimension: 4
    - stream: 0
      offset: 40
      format: 0
      dimension: 2
    - stream: 0
      offset: 48
      format: 0
      dimension: 2
    - stream: 0
      offset: 0
      format: 0
      dimension: 0
    - stream: 0
      offset: 0
      format: 0
      dimension: 0
    - stream: 0
      offset: 56
      format: 0
      dimension: 4
    m_DataSize: 1800
    _typelessdata: 000000000000000000000000000000000000803f000000000000803f0000803f0000803f0000803f0000000000000000e913833be212833b0000803f0000000000000000000080bf000000000000000000002040000000000000803f000000000000803f0000803f0000803f0000803f00000000000020404108813e6f12833b0000803f0000000000000000000080bf000020400000000000000000000000000000803f000000000000803f0000803f0000803f0000803f00002040000000005014833b3008813e0000803f0000000000000000000080bf000020400000000000002040000000000000803f000000000000803f0000803f0000803f0000803f00002040000020404008813e2e08813e0000803f0000000000000000000080bf00000000000000000000a040000000000000803f000000000000803f0000803f0000803f0000803f000000000000a0401b02003fac12833b0000803f0000000000000000000080bf00002040000000000000a040000000000000803f000000000000803f0000803f0000803f0000803f000020400000a0401802003f3108813e0000803f0000000000000000000080bf00000000000000000000f040000000000000803f000000000000803f0000803f0000803f0000803f000000000000f0400d803f3f7312833b0000803f0000000000000000000080bf00002040000000000000f040000000000000803f000000000000803f0000803f0000803f0000803f000020400000f0400c803f3f3508813e0000803f0000000000000000000080bf000000000000000000002041000000000000803f000000000000803f0000803f0000803f0000803f000000000000204104fe7e3fe212833b0000803f0000000000000000000080bf000020400000000000002041000000000000803f000000000000803f0000803f0000803f0000803f000020400000204103fe7e3f3a08813e0000803f0000000000000000000080bf0000a0400000000000000000000000000000803f000000000000803f0000803f0000803f0000803f0000a040000000006815833b0802003f0000803f0000000000000000000080bf0000a0400000000000002040000000000000803f000000000000803f0000803f0000803f0000803f0000a040000020404008813e0902003f0000803f0000000000000000000080bf0000a040000000000000a040000000000000803f000000000000803f0000803f0000803f0000803f0000a0400000a0401402003f0b02003f0000803f0000000000000000000080bf0000a040000000000000f040000000000000803f000000000000803f0000803f0000803f0000803f0000a0400000f04008803f3f0d02003f0000803f0000000000000000000080bf0000a0400000000000002041000000000000803f000000000000803f0000803f0000803f0000803f0000a04000002041fdfd7e3f0e02003f0000803f0000000000000000000080bf0000f0400000000000000000000000000000803f000000000000803f0000803f0000803f0000803f0000f04000000000af12833bfa7f3f3f0000803f0000000000000000000080bf0000f0400000000000002040000000000000803f000000000000803f0000803f0000803f0000803f0000f040000020403908813efc7f3f3f0000803f0000000000000000000080bf0000f040000000000000a040000000000000803f000000000000803f0000803f0000803f0000803f0000f0400000a0401102003ffd7f3f3f0000803f0000000000000000000080bf0000f040000000000000f040000000000000803f000000000000803f0000803f0000803f0000803f0000f0400000f04007803f3f00803f3f0000803f0000000000000000000080bf0000f0400000000000002041000000000000803f000000000000803f0000803f0000803f0000803f0000f04000002041fcfd7e3f02803f3f0000803f0000000000000000000080bf000020410000000000000000000000000000803f000000000000803f0000803f0000803f0000803f00002041000000006f12833bebfd7e3f0000803f0000000000000000000080bf000020410000000000002040000000000000803f000000000000803f0000803f0000803f0000803f00002041000020403908813eebfd7e3f0000803f0000000000000000000080bf00002041000000000000a040000000000000803f000000000000803f0000803f0000803f0000803f000020410000a0400c02003feefd7e3f0000803f0000000000000000000080bf00002041000000000000f040000000000000803f000000000000803f0000803f0000803f0000803f000020410000f04004803f3ff0fd7e3f0000803f0000000000000000000080bf000020410000000000002041000000000000803f000000000000803f0000803f0000803f0000803f0000204100002041fafd7e3ff2fd7e3f0000803f0000000000000000000080bf
  m_CompressedMesh:
    m_Vertices:
      m_NumItems: 0
      m_Range: 0
      m_Start: 0
      m_Data: 
      m_BitSize: 0
    m_UV:
      m_NumItems: 0
      m_Range: 0
      m_Start: 0
      m_Data: 
      m_BitSize: 0
    m_Normals:
      m_NumItems: 0
      m_Range: 0
      m_Start: 0
      m_Data: 
      m_BitSize: 0
    m_Tangents:
      m_NumItems: 0
      m_Range: 0
      m_Start: 0
      m_Data: 
      m_BitSize: 0
    m_Weights:
      m_NumItems: 0
      m_Data: 
      m_BitSize: 0
    m_NormalSigns:
      m_NumItems: 0
      m_Data: 
      m_BitSize: 0
    m_TangentSigns:
      m_NumItems: 0
      m_Data: 
      m_BitSize: 0
    m_FloatColors:
      m_NumItems: 0
      m_Range: 0
      m_Start: 0
      m_Data: 
      m_BitSize: 0
    m_BoneIndices:
      m_NumItems: 0
      m_Data: 
      m_BitSize: 0
    m_Triangles:
      m_NumItems: 0
      m_Data: 
      m_BitSize: 0
    m_UVInfo: 0
  m_LocalAABB:
    m_Center: {x: 5, y: 0, z: 5}
    m_Extent: {x: 5, y: 0, z: 5}
  m_MeshUsageFlags: 0
  m_BakedConvexCollisionMesh: 
  m_BakedTriangleCollisionMesh: 
  m_MeshOptimized: 0
--- !u!1 &1033221107
GameObject:
  m_ObjectHideFlags: 0
  m_PrefabParentObject: {fileID: 0}
  m_PrefabInternal: {fileID: 0}
  serializedVersion: 5
  m_Component:
  - component: {fileID: 1033221113}
  - component: {fileID: 1033221112}
  - component: {fileID: 1033221111}
  - component: {fileID: 1033221110}
  - component: {fileID: 1033221109}
  - component: {fileID: 1033221108}
  m_Layer: 0
  m_Name: Plane
  m_TagString: Untagged
  m_Icon: {fileID: 0}
  m_NavMeshLayer: 0
  m_StaticEditorFlags: 127
  m_IsActive: 1
--- !u!64 &1033221108
MeshCollider:
  m_ObjectHideFlags: 0
  m_PrefabParentObject: {fileID: 0}
  m_PrefabInternal: {fileID: 0}
  m_GameObject: {fileID: 1033221107}
  m_Material: {fileID: 0}
  m_IsTrigger: 0
  m_Enabled: 1
  serializedVersion: 3
  m_Convex: 0
  m_CookingOptions: 14
  m_SkinWidth: 0.01
  m_Mesh: {fileID: 977419845}
--- !u!114 &1033221109
MonoBehaviour:
  m_ObjectHideFlags: 0
  m_PrefabParentObject: {fileID: 0}
  m_PrefabInternal: {fileID: 0}
  m_GameObject: {fileID: 1033221107}
  m_Enabled: 1
  m_EditorHideFlags: 0
  m_Script: {fileID: 185759285, guid: 0472bdc8d6d15384d98f22ee34302f9c, type: 3}
  m_Name: 
  m_EditorClassIdentifier: 
  _quads:
  - _indices: 000000000100000002000000010000000300000002000000
    _distinctIndices: 00000000010000000200000003000000
    _edges:
    - x: 0
      y: 1
    - x: 2
      y: 0
    - x: 1
      y: 3
    - x: 3
      y: 2
    _smoothingGroup: 0
    _uv:
      useWorldSpace: 0
      flipU: 0
      flipV: 0
      swapUV: 0
      fill: 1
      scale: {x: 1, y: 1}
      offset: {x: 0, y: 0}
      rotation: 0
      justify: 0
      localPivot: {x: 1.25, y: 1.25}
      localSize: {x: 0, y: 0}
      anchor: 9
    _mat: {fileID: 2100000, guid: 55296d1b6ee54e14e8eb4648d4b448ee, type: 2}
    manualUV: 0
    elementGroup: 0
    textureGroup: -1
  - _indices: 040000000500000006000000050000000700000006000000
    _distinctIndices: 04000000050000000600000007000000
    _edges:
    - x: 4
      y: 5
    - x: 6
      y: 4
    - x: 5
      y: 7
    - x: 7
      y: 6
    _smoothingGroup: 0
    _uv:
      useWorldSpace: 0
      flipU: 0
      flipV: 0
      swapUV: 0
      fill: 1
      scale: {x: 1, y: 1}
      offset: {x: 0, y: 0}
      rotation: 0
      justify: 0
      localPivot: {x: 1.25, y: 3.75}
      localSize: {x: 0, y: 0}
      anchor: 9
    _mat: {fileID: 2100000, guid: 55296d1b6ee54e14e8eb4648d4b448ee, type: 2}
    manualUV: 0
    elementGroup: 0
    textureGroup: -1
  - _indices: 08000000090000000a000000090000000b0000000a000000
    _distinctIndices: 08000000090000000a0000000b000000
    _edges:
    - x: 8
      y: 9
    - x: 10
      y: 8
    - x: 9
      y: 11
    - x: 11
      y: 10
    _smoothingGroup: 0
    _uv:
      useWorldSpace: 0
      flipU: 0
      flipV: 0
      swapUV: 0
      fill: 1
      scale: {x: 1, y: 1}
      offset: {x: 0, y: 0}
      rotation: 0
      justify: 0
      localPivot: {x: 1.25, y: 6.25}
      localSize: {x: 0, y: 0}
      anchor: 9
    _mat: {fileID: 2100000, guid: 55296d1b6ee54e14e8eb4648d4b448ee, type: 2}
    manualUV: 0
    elementGroup: 0
    textureGroup: -1
  - _indices: 0c0000000d0000000e0000000d0000000f0000000e000000
    _distinctIndices: 0c0000000d0000000e0000000f000000
    _edges:
    - x: 12
      y: 13
    - x: 14
      y: 12
    - x: 13
      y: 15
    - x: 15
      y: 14
    _smoothingGroup: 0
    _uv:
      useWorldSpace: 0
      flipU: 0
      flipV: 0
      swapUV: 0
      fill: 1
      scale: {x: 1, y: 1}
      offset: {x: 0, y: 0}
      rotation: 0
      justify: 0
      localPivot: {x: 1.25, y: 8.75}
      localSize: {x: 0, y: 0}
      anchor: 9
    _mat: {fileID: 2100000, guid: 55296d1b6ee54e14e8eb4648d4b448ee, type: 2}
    manualUV: 0
    elementGroup: 0
    textureGroup: -1
  - _indices: 100000001100000012000000110000001300000012000000
    _distinctIndices: 10000000110000001200000013000000
    _edges:
    - x: 16
      y: 17
    - x: 18
      y: 16
    - x: 17
      y: 19
    - x: 19
      y: 18
    _smoothingGroup: 0
    _uv:
      useWorldSpace: 0
      flipU: 0
      flipV: 0
      swapUV: 0
      fill: 1
      scale: {x: 1, y: 1}
      offset: {x: 0, y: 0}
      rotation: 0
      justify: 0
      localPivot: {x: 3.75, y: 1.25}
      localSize: {x: 0, y: 0}
      anchor: 9
    _mat: {fileID: 2100000, guid: 55296d1b6ee54e14e8eb4648d4b448ee, type: 2}
    manualUV: 0
    elementGroup: 0
    textureGroup: -1
  - _indices: 140000001500000016000000150000001700000016000000
    _distinctIndices: 14000000150000001600000017000000
    _edges:
    - x: 20
      y: 21
    - x: 22
      y: 20
    - x: 21
      y: 23
    - x: 23
      y: 22
    _smoothingGroup: 0
    _uv:
      useWorldSpace: 0
      flipU: 0
      flipV: 0
      swapUV: 0
      fill: 1
      scale: {x: 1, y: 1}
      offset: {x: 0, y: 0}
      rotation: 0
      justify: 0
      localPivot: {x: 3.75, y: 3.75}
      localSize: {x: 0, y: 0}
      anchor: 9
    _mat: {fileID: 2100000, guid: 55296d1b6ee54e14e8eb4648d4b448ee, type: 2}
    manualUV: 0
    elementGroup: 0
    textureGroup: -1
  - _indices: 18000000190000001a000000190000001b0000001a000000
    _distinctIndices: 18000000190000001a0000001b000000
    _edges:
    - x: 24
      y: 25
    - x: 26
      y: 24
    - x: 25
      y: 27
    - x: 27
      y: 26
    _smoothingGroup: 0
    _uv:
      useWorldSpace: 0
      flipU: 0
      flipV: 0
      swapUV: 0
      fill: 1
      scale: {x: 1, y: 1}
      offset: {x: 0, y: 0}
      rotation: 0
      justify: 0
      localPivot: {x: 3.75, y: 6.25}
      localSize: {x: 0, y: 0}
      anchor: 9
    _mat: {fileID: 2100000, guid: 55296d1b6ee54e14e8eb4648d4b448ee, type: 2}
    manualUV: 0
    elementGroup: 0
    textureGroup: -1
  - _indices: 1c0000001d0000001e0000001d0000001f0000001e000000
    _distinctIndices: 1c0000001d0000001e0000001f000000
    _edges:
    - x: 28
      y: 29
    - x: 30
      y: 28
    - x: 29
      y: 31
    - x: 31
      y: 30
    _smoothingGroup: 0
    _uv:
      useWorldSpace: 0
      flipU: 0
      flipV: 0
      swapUV: 0
      fill: 1
      scale: {x: 1, y: 1}
      offset: {x: 0, y: 0}
      rotation: 0
      justify: 0
      localPivot: {x: 3.75, y: 8.75}
      localSize: {x: 0, y: 0}
      anchor: 9
    _mat: {fileID: 2100000, guid: 55296d1b6ee54e14e8eb4648d4b448ee, type: 2}
    manualUV: 0
    elementGroup: 0
    textureGroup: -1
  - _indices: 200000002100000022000000210000002300000022000000
    _distinctIndices: 20000000210000002200000023000000
    _edges:
    - x: 32
      y: 33
    - x: 34
      y: 32
    - x: 33
      y: 35
    - x: 35
      y: 34
    _smoothingGroup: 0
    _uv:
      useWorldSpace: 0
      flipU: 0
      flipV: 0
      swapUV: 0
      fill: 1
      scale: {x: 1, y: 1}
      offset: {x: 0, y: 0}
      rotation: 0
      justify: 0
      localPivot: {x: 6.25, y: 1.25}
      localSize: {x: 0, y: 0}
      anchor: 9
    _mat: {fileID: 2100000, guid: 55296d1b6ee54e14e8eb4648d4b448ee, type: 2}
    manualUV: 0
    elementGroup: 0
    textureGroup: -1
  - _indices: 240000002500000026000000250000002700000026000000
    _distinctIndices: 24000000250000002600000027000000
    _edges:
    - x: 36
      y: 37
    - x: 38
      y: 36
    - x: 37
      y: 39
    - x: 39
      y: 38
    _smoothingGroup: 0
    _uv:
      useWorldSpace: 0
      flipU: 0
      flipV: 0
      swapUV: 0
      fill: 1
      scale: {x: 1, y: 1}
      offset: {x: 0, y: 0}
      rotation: 0
      justify: 0
      localPivot: {x: 6.25, y: 3.75}
      localSize: {x: 0, y: 0}
      anchor: 9
    _mat: {fileID: 2100000, guid: 55296d1b6ee54e14e8eb4648d4b448ee, type: 2}
    manualUV: 0
    elementGroup: 0
    textureGroup: -1
  - _indices: 28000000290000002a000000290000002b0000002a000000
    _distinctIndices: 28000000290000002a0000002b000000
    _edges:
    - x: 40
      y: 41
    - x: 42
      y: 40
    - x: 41
      y: 43
    - x: 43
      y: 42
    _smoothingGroup: 0
    _uv:
      useWorldSpace: 0
      flipU: 0
      flipV: 0
      swapUV: 0
      fill: 1
      scale: {x: 1, y: 1}
      offset: {x: 0, y: 0}
      rotation: 0
      justify: 0
      localPivot: {x: 6.25, y: 6.25}
      localSize: {x: 0, y: 0}
      anchor: 9
    _mat: {fileID: 2100000, guid: 55296d1b6ee54e14e8eb4648d4b448ee, type: 2}
    manualUV: 0
    elementGroup: 0
    textureGroup: -1
  - _indices: 2c0000002d0000002e0000002d0000002f0000002e000000
    _distinctIndices: 2c0000002d0000002e0000002f000000
    _edges:
    - x: 44
      y: 45
    - x: 46
      y: 44
    - x: 45
      y: 47
    - x: 47
      y: 46
    _smoothingGroup: 0
    _uv:
      useWorldSpace: 0
      flipU: 0
      flipV: 0
      swapUV: 0
      fill: 1
      scale: {x: 1, y: 1}
      offset: {x: 0, y: 0}
      rotation: 0
      justify: 0
      localPivot: {x: 6.25, y: 8.75}
      localSize: {x: 0, y: 0}
      anchor: 9
    _mat: {fileID: 2100000, guid: 55296d1b6ee54e14e8eb4648d4b448ee, type: 2}
    manualUV: 0
    elementGroup: 0
    textureGroup: -1
  - _indices: 300000003100000032000000310000003300000032000000
    _distinctIndices: 30000000310000003200000033000000
    _edges:
    - x: 48
      y: 49
    - x: 50
      y: 48
    - x: 49
      y: 51
    - x: 51
      y: 50
    _smoothingGroup: 0
    _uv:
      useWorldSpace: 0
      flipU: 0
      flipV: 0
      swapUV: 0
      fill: 1
      scale: {x: 1, y: 1}
      offset: {x: 0, y: 0}
      rotation: 0
      justify: 0
      localPivot: {x: 8.75, y: 1.25}
      localSize: {x: 0, y: 0}
      anchor: 9
    _mat: {fileID: 2100000, guid: 55296d1b6ee54e14e8eb4648d4b448ee, type: 2}
    manualUV: 0
    elementGroup: 0
    textureGroup: -1
  - _indices: 340000003500000036000000350000003700000036000000
    _distinctIndices: 34000000350000003600000037000000
    _edges:
    - x: 52
      y: 53
    - x: 54
      y: 52
    - x: 53
      y: 55
    - x: 55
      y: 54
    _smoothingGroup: 0
    _uv:
      useWorldSpace: 0
      flipU: 0
      flipV: 0
      swapUV: 0
      fill: 1
      scale: {x: 1, y: 1}
      offset: {x: 0, y: 0}
      rotation: 0
      justify: 0
      localPivot: {x: 8.75, y: 3.75}
      localSize: {x: 0, y: 0}
      anchor: 9
    _mat: {fileID: 2100000, guid: 55296d1b6ee54e14e8eb4648d4b448ee, type: 2}
    manualUV: 0
    elementGroup: 0
    textureGroup: -1
  - _indices: 38000000390000003a000000390000003b0000003a000000
    _distinctIndices: 38000000390000003a0000003b000000
    _edges:
    - x: 56
      y: 57
    - x: 58
      y: 56
    - x: 57
      y: 59
    - x: 59
      y: 58
    _smoothingGroup: 0
    _uv:
      useWorldSpace: 0
      flipU: 0
      flipV: 0
      swapUV: 0
      fill: 1
      scale: {x: 1, y: 1}
      offset: {x: 0, y: 0}
      rotation: 0
      justify: 0
      localPivot: {x: 8.75, y: 6.25}
      localSize: {x: 0, y: 0}
      anchor: 9
    _mat: {fileID: 2100000, guid: 55296d1b6ee54e14e8eb4648d4b448ee, type: 2}
    manualUV: 0
    elementGroup: 0
    textureGroup: -1
  - _indices: 3c0000003d0000003e0000003d0000003f0000003e000000
    _distinctIndices: 3c0000003d0000003e0000003f000000
    _edges:
    - x: 60
      y: 61
    - x: 62
      y: 60
    - x: 61
      y: 63
    - x: 63
      y: 62
    _smoothingGroup: 0
    _uv:
      useWorldSpace: 0
      flipU: 0
      flipV: 0
      swapUV: 0
      fill: 1
      scale: {x: 1, y: 1}
      offset: {x: 0, y: 0}
      rotation: 0
      justify: 0
      localPivot: {x: 8.75, y: 8.75}
      localSize: {x: 0, y: 0}
      anchor: 9
    _mat: {fileID: 2100000, guid: 55296d1b6ee54e14e8eb4648d4b448ee, type: 2}
    manualUV: 0
    elementGroup: 0
    textureGroup: -1
  _sharedIndices:
  - array: 00000000
  - array: 0100000004000000
  - array: 0200000010000000
  - array: 03000000060000001100000014000000
  - array: 0500000008000000
  - array: 070000000a0000001500000018000000
  - array: 090000000c000000
  - array: 0b0000000e000000190000001c000000
  - array: 0d000000
  - array: 0f0000001d000000
  - array: 1200000020000000
  - array: 13000000160000002100000024000000
  - array: 170000001a0000002500000028000000
  - array: 1b0000001e000000290000002c000000
  - array: 1f0000002d000000
  - array: 2200000030000000
  - array: 23000000260000003100000034000000
  - array: 270000002a0000003500000038000000
  - array: 2b0000002e000000390000003c000000
  - array: 2f0000003d000000
  - array: 32000000
  - array: 3300000036000000
  - array: 370000003a000000
  - array: 3b0000003e000000
  - array: 3f000000
  _vertices:
  - {x: 0, y: 0, z: 0}
  - {x: 0, y: 0, z: 2.5}
  - {x: 2.5, y: 0, z: 0}
  - {x: 2.5, y: 0, z: 2.5}
  - {x: 0, y: 0, z: 2.5}
  - {x: 0, y: 0, z: 5}
  - {x: 2.5, y: 0, z: 2.5}
  - {x: 2.5, y: 0, z: 5}
  - {x: 0, y: 0, z: 5}
  - {x: 0, y: 0, z: 7.5}
  - {x: 2.5, y: 0, z: 5}
  - {x: 2.5, y: 0, z: 7.5}
  - {x: 0, y: 0, z: 7.5}
  - {x: 0, y: 0, z: 10}
  - {x: 2.5, y: 0, z: 7.5}
  - {x: 2.5, y: 0, z: 10}
  - {x: 2.5, y: 0, z: 0}
  - {x: 2.5, y: 0, z: 2.5}
  - {x: 5, y: 0, z: 0}
  - {x: 5, y: 0, z: 2.5}
  - {x: 2.5, y: 0, z: 2.5}
  - {x: 2.5, y: 0, z: 5}
  - {x: 5, y: 0, z: 2.5}
  - {x: 5, y: 0, z: 5}
  - {x: 2.5, y: 0, z: 5}
  - {x: 2.5, y: 0, z: 7.5}
  - {x: 5, y: 0, z: 5}
  - {x: 5, y: 0, z: 7.5}
  - {x: 2.5, y: 0, z: 7.5}
  - {x: 2.5, y: 0, z: 10}
  - {x: 5, y: 0, z: 7.5}
  - {x: 5, y: 0, z: 10}
  - {x: 5, y: 0, z: 0}
  - {x: 5, y: 0, z: 2.5}
  - {x: 7.5, y: 0, z: 0}
  - {x: 7.5, y: 0, z: 2.5}
  - {x: 5, y: 0, z: 2.5}
  - {x: 5, y: 0, z: 5}
  - {x: 7.5, y: 0, z: 2.5}
  - {x: 7.5, y: 0, z: 5}
  - {x: 5, y: 0, z: 5}
  - {x: 5, y: 0, z: 7.5}
  - {x: 7.5, y: 0, z: 5}
  - {x: 7.5, y: 0, z: 7.5}
  - {x: 5, y: 0, z: 7.5}
  - {x: 5, y: 0, z: 10}
  - {x: 7.5, y: 0, z: 7.5}
  - {x: 7.5, y: 0, z: 10}
  - {x: 7.5, y: 0, z: 0}
  - {x: 7.5, y: 0, z: 2.5}
  - {x: 10, y: 0, z: 0}
  - {x: 10, y: 0, z: 2.5}
  - {x: 7.5, y: 0, z: 2.5}
  - {x: 7.5, y: 0, z: 5}
  - {x: 10, y: 0, z: 2.5}
  - {x: 10, y: 0, z: 5}
  - {x: 7.5, y: 0, z: 5}
  - {x: 7.5, y: 0, z: 7.5}
  - {x: 10, y: 0, z: 5}
  - {x: 10, y: 0, z: 7.5}
  - {x: 7.5, y: 0, z: 7.5}
  - {x: 7.5, y: 0, z: 10}
  - {x: 10, y: 0, z: 7.5}
  - {x: 10, y: 0, z: 10}
  _uv:
  - {x: 0, y: 0}
  - {x: 0, y: 2.5}
  - {x: 2.5, y: 0}
  - {x: 2.5, y: 2.5}
  - {x: 0, y: 2.5}
  - {x: 0, y: 5}
  - {x: 2.5, y: 2.5}
  - {x: 2.5, y: 5}
  - {x: 0, y: 5}
  - {x: 0, y: 7.5}
  - {x: 2.5, y: 5}
  - {x: 2.5, y: 7.5}
  - {x: 0, y: 7.5}
  - {x: 0, y: 10}
  - {x: 2.5, y: 7.5}
  - {x: 2.5, y: 10}
  - {x: 2.5, y: 0}
  - {x: 2.5, y: 2.5}
  - {x: 5, y: 0}
  - {x: 5, y: 2.5}
  - {x: 2.5, y: 2.5}
  - {x: 2.5, y: 5}
  - {x: 5, y: 2.5}
  - {x: 5, y: 5}
  - {x: 2.5, y: 5}
  - {x: 2.5, y: 7.5}
  - {x: 5, y: 5}
  - {x: 5, y: 7.5}
  - {x: 2.5, y: 7.5}
  - {x: 2.5, y: 10}
  - {x: 5, y: 7.5}
  - {x: 5, y: 10}
  - {x: 5, y: 0}
  - {x: 5, y: 2.5}
  - {x: 7.5, y: 0}
  - {x: 7.5, y: 2.5}
  - {x: 5, y: 2.5}
  - {x: 5, y: 5}
  - {x: 7.5, y: 2.5}
  - {x: 7.5, y: 5}
  - {x: 5, y: 5}
  - {x: 5, y: 7.5}
  - {x: 7.5, y: 5}
  - {x: 7.5, y: 7.5}
  - {x: 5, y: 7.5}
  - {x: 5, y: 10}
  - {x: 7.5, y: 7.5}
  - {x: 7.5, y: 10}
  - {x: 7.5, y: 0}
  - {x: 7.5, y: 2.5}
  - {x: 10, y: 0}
  - {x: 10, y: 2.5}
  - {x: 7.5, y: 2.5}
  - {x: 7.5, y: 5}
  - {x: 10, y: 2.5}
  - {x: 10, y: 5}
  - {x: 7.5, y: 5}
  - {x: 7.5, y: 7.5}
  - {x: 10, y: 5}
  - {x: 10, y: 7.5}
  - {x: 7.5, y: 7.5}
  - {x: 7.5, y: 10}
  - {x: 10, y: 7.5}
  - {x: 10, y: 10}
  _uv3: []
  _uv4: []
  _tangents: []
  _sharedIndicesUV: []
  _colors:
  - {r: 1, g: 1, b: 1, a: 1}
  - {r: 1, g: 1, b: 1, a: 1}
  - {r: 1, g: 1, b: 1, a: 1}
  - {r: 1, g: 1, b: 1, a: 1}
  - {r: 1, g: 1, b: 1, a: 1}
  - {r: 1, g: 1, b: 1, a: 1}
  - {r: 1, g: 1, b: 1, a: 1}
  - {r: 1, g: 1, b: 1, a: 1}
  - {r: 1, g: 1, b: 1, a: 1}
  - {r: 1, g: 1, b: 1, a: 1}
  - {r: 1, g: 1, b: 1, a: 1}
  - {r: 1, g: 1, b: 1, a: 1}
  - {r: 1, g: 1, b: 1, a: 1}
  - {r: 1, g: 1, b: 1, a: 1}
  - {r: 1, g: 1, b: 1, a: 1}
  - {r: 1, g: 1, b: 1, a: 1}
  - {r: 1, g: 1, b: 1, a: 1}
  - {r: 1, g: 1, b: 1, a: 1}
  - {r: 1, g: 1, b: 1, a: 1}
  - {r: 1, g: 1, b: 1, a: 1}
  - {r: 1, g: 1, b: 1, a: 1}
  - {r: 1, g: 1, b: 1, a: 1}
  - {r: 1, g: 1, b: 1, a: 1}
  - {r: 1, g: 1, b: 1, a: 1}
  - {r: 1, g: 1, b: 1, a: 1}
  - {r: 1, g: 1, b: 1, a: 1}
  - {r: 1, g: 1, b: 1, a: 1}
  - {r: 1, g: 1, b: 1, a: 1}
  - {r: 1, g: 1, b: 1, a: 1}
  - {r: 1, g: 1, b: 1, a: 1}
  - {r: 1, g: 1, b: 1, a: 1}
  - {r: 1, g: 1, b: 1, a: 1}
  - {r: 1, g: 1, b: 1, a: 1}
  - {r: 1, g: 1, b: 1, a: 1}
  - {r: 1, g: 1, b: 1, a: 1}
  - {r: 1, g: 1, b: 1, a: 1}
  - {r: 1, g: 1, b: 1, a: 1}
  - {r: 1, g: 1, b: 1, a: 1}
  - {r: 1, g: 1, b: 1, a: 1}
  - {r: 1, g: 1, b: 1, a: 1}
  - {r: 1, g: 1, b: 1, a: 1}
  - {r: 1, g: 1, b: 1, a: 1}
  - {r: 1, g: 1, b: 1, a: 1}
  - {r: 1, g: 1, b: 1, a: 1}
  - {r: 1, g: 1, b: 1, a: 1}
  - {r: 1, g: 1, b: 1, a: 1}
  - {r: 1, g: 1, b: 1, a: 1}
  - {r: 1, g: 1, b: 1, a: 1}
  - {r: 1, g: 1, b: 1, a: 1}
  - {r: 1, g: 1, b: 1, a: 1}
  - {r: 1, g: 1, b: 1, a: 1}
  - {r: 1, g: 1, b: 1, a: 1}
  - {r: 1, g: 1, b: 1, a: 1}
  - {r: 1, g: 1, b: 1, a: 1}
  - {r: 1, g: 1, b: 1, a: 1}
  - {r: 1, g: 1, b: 1, a: 1}
  - {r: 1, g: 1, b: 1, a: 1}
  - {r: 1, g: 1, b: 1, a: 1}
  - {r: 1, g: 1, b: 1, a: 1}
  - {r: 1, g: 1, b: 1, a: 1}
  - {r: 1, g: 1, b: 1, a: 1}
  - {r: 1, g: 1, b: 1, a: 1}
  - {r: 1, g: 1, b: 1, a: 1}
  - {r: 1, g: 1, b: 1, a: 1}
  userCollisions: 0
  isSelectable: 1
  unwrapParameters:
    hardAngle: 88
    packMargin: 4
    angleError: 8
    areaError: 15
  asset_guid: 
  dontDestroyMeshOnDelete: 0
  m_selectedFaces: 
  m_SelectedEdges: []
  m_selectedTriangles: 
--- !u!33 &1033221110
MeshFilter:
  m_ObjectHideFlags: 0
  m_PrefabParentObject: {fileID: 0}
  m_PrefabInternal: {fileID: 0}
  m_GameObject: {fileID: 1033221107}
  m_Mesh: {fileID: 977419845}
--- !u!23 &1033221111
MeshRenderer:
  m_ObjectHideFlags: 0
  m_PrefabParentObject: {fileID: 0}
  m_PrefabInternal: {fileID: 0}
  m_GameObject: {fileID: 1033221107}
  m_Enabled: 1
  m_CastShadows: 2
  m_ReceiveShadows: 1
  m_DynamicOccludee: 1
  m_MotionVectors: 1
  m_LightProbeUsage: 1
  m_ReflectionProbeUsage: 1
  m_Materials:
  - {fileID: 2100000, guid: 55296d1b6ee54e14e8eb4648d4b448ee, type: 2}
  m_StaticBatchInfo:
    firstSubMesh: 0
    subMeshCount: 0
  m_StaticBatchRoot: {fileID: 0}
  m_ProbeAnchor: {fileID: 0}
  m_LightProbeVolumeOverride: {fileID: 0}
  m_ScaleInLightmap: 1
  m_PreserveUVs: 0
  m_IgnoreNormalsForChartDetection: 0
  m_ImportantGI: 0
  m_StitchLightmapSeams: 0
  m_SelectedEditorRenderState: 2
  m_MinimumChartSize: 4
  m_AutoUVMaxDistance: 0.5
  m_AutoUVMaxAngle: 89
  m_LightmapParameters: {fileID: 0}
  m_SortingLayerID: 0
  m_SortingLayer: 0
  m_SortingOrder: 0
--- !u!114 &1033221112
MonoBehaviour:
  m_ObjectHideFlags: 0
  m_PrefabParentObject: {fileID: 0}
  m_PrefabInternal: {fileID: 0}
  m_GameObject: {fileID: 1033221107}
  m_Enabled: 1
  m_EditorHideFlags: 0
  m_Script: {fileID: 16342205, guid: 0472bdc8d6d15384d98f22ee34302f9c, type: 3}
  m_Name: 
  m_EditorClassIdentifier: 
  _entityType: 0
--- !u!4 &1033221113
Transform:
  m_ObjectHideFlags: 0
  m_PrefabParentObject: {fileID: 0}
  m_PrefabInternal: {fileID: 0}
  m_GameObject: {fileID: 1033221107}
  m_LocalRotation: {x: 0, y: 0, z: 0, w: 1}
  m_LocalPosition: {x: 116, y: -419, z: 173}
  m_LocalScale: {x: 1, y: 1, z: 1}
  m_Children: []
  m_Father: {fileID: 0}
  m_RootOrder: 2
  m_LocalEulerAnglesHint: {x: 0, y: 0, z: 0}
--- !u!1 &1604592057
GameObject:
  m_ObjectHideFlags: 0
  m_PrefabParentObject: {fileID: 0}
  m_PrefabInternal: {fileID: 0}
  serializedVersion: 5
  m_Component:
  - component: {fileID: 1604592058}
  - component: {fileID: 1604592060}
  - component: {fileID: 1604592059}
  - component: {fileID: 1604592062}
  m_Layer: 0
  m_Name: Terrain
  m_TagString: Untagged
  m_Icon: {fileID: 0}
  m_NavMeshLayer: 0
  m_StaticEditorFlags: 4294967295
  m_IsActive: 1
--- !u!4 &1604592058
Transform:
  m_ObjectHideFlags: 0
  m_PrefabParentObject: {fileID: 0}
  m_PrefabInternal: {fileID: 0}
  m_GameObject: {fileID: 1604592057}
  m_LocalRotation: {x: 0, y: 0, z: 0, w: 1}
  m_LocalPosition: {x: 0, y: 0, z: 0}
  m_LocalScale: {x: 1, y: 1, z: 1}
  m_Children: []
  m_Father: {fileID: 140790372}
  m_RootOrder: 0
  m_LocalEulerAnglesHint: {x: 0, y: 0, z: 0}
--- !u!154 &1604592059
TerrainCollider:
  m_ObjectHideFlags: 0
  m_PrefabParentObject: {fileID: 0}
  m_PrefabInternal: {fileID: 0}
  m_GameObject: {fileID: 1604592057}
  m_Material: {fileID: 0}
  m_Enabled: 1
  m_TerrainData: {fileID: 15600000, guid: b97e0c0e718fdf145acb080660b4b74b, type: 2}
  m_EnableTreeColliders: 1
--- !u!218 &1604592060
Terrain:
  m_ObjectHideFlags: 0
  m_PrefabParentObject: {fileID: 0}
  m_PrefabInternal: {fileID: 0}
  m_GameObject: {fileID: 1604592057}
  m_Enabled: 1
  serializedVersion: 3
  m_TerrainData: {fileID: 15600000, guid: b97e0c0e718fdf145acb080660b4b74b, type: 2}
  m_TreeDistance: 2000
  m_TreeBillboardDistance: 50
  m_TreeCrossFadeLength: 5
  m_TreeMaximumFullLODCount: 50
  m_DetailObjectDistance: 80
  m_DetailObjectDensity: 1
  m_HeightmapPixelError: 5
  m_SplatMapDistance: 1000
  m_HeightmapMaximumLOD: 0
  m_CastShadows: 1
  m_DrawHeightmap: 1
  m_DrawTreesAndFoliage: 1
  m_ReflectionProbeUsage: 1
  m_MaterialType: 0
  m_LegacySpecular:
    serializedVersion: 2
    rgba: 4286545791
  m_LegacyShininess: 0.078125
  m_MaterialTemplate: {fileID: 0}
  m_BakeLightProbesForTrees: 1
  m_ScaleInLightmap: 0.0512
  m_LightmapParameters: {fileID: 15203, guid: 0000000000000000f000000000000000, type: 0}
--- !u!114 &1604592062
MonoBehaviour:
  m_ObjectHideFlags: 0
  m_PrefabParentObject: {fileID: 0}
  m_PrefabInternal: {fileID: 0}
  m_GameObject: {fileID: 1604592057}
  m_Enabled: 1
  m_EditorHideFlags: 0
  m_Script: {fileID: 11500000, guid: 4531ff2a79e8c8c4e9a70e7d5b874e01, type: 3}
  m_Name: 
  m_EditorClassIdentifier: 
  toolModeInt: 0
  erosionTypeInt: 0
  generatorTypeInt: 0
  isBrushOn: 0
  isBrushHidden: 0
  isBrushPainting: 0
  brushPosition: {x: 0, y: 0, z: 0}
  brushSize: 50
  brushOpacity: 1
  brushSoftness: 0.5
  neighbourhoodInt: 0
  useDifferenceMaps: 1
  thermalIterations: 25
  thermalMinSlope: 1
  thermalFalloff: 0.5
  hydraulicTypeInt: 0
  hydraulicIterations: 25
  hydraulicMaxSlope: 60
  hydraulicFalloff: 0.5
  hydraulicRainfall: 0.01
  hydraulicEvaporation: 0.5
  hydraulicSedimentSolubility: 0.01
  hydraulicSedimentSaturation: 0.1
  hydraulicVelocityRainfall: 0.01
  hydraulicVelocityEvaporation: 0.5
  hydraulicVelocitySedimentSolubility: 0.01
  hydraulicVelocitySedimentSaturation: 0.1
  hydraulicVelocity: 20
  hydraulicMomentum: 1
  hydraulicEntropy: 0
  hydraulicDowncutting: 0.1
  tidalIterations: 25
  tidalSeaLevel: 50
  tidalRangeAmount: 5
  tidalCliffLimit: 60
  windIterations: 25
  windDirection: 0
  windForce: 0.5
  windLift: 0.01
  windGravity: 0.5
  windCapacity: 0.01
  windEntropy: 0.1
  windSmoothing: 0.25
  slopeBlendMinAngle: 60
  slopeBlendMaxAngle: 75
  heightBlendPoints: []
  gradientStyles: []
  voronoiTypeInt: 0
  voronoiCells: 16
  voronoiFeatures: 1
  voronoiScale: 1
  voronoiBlend: 1
  diamondSquareDelta: 0.5
  diamondSquareBlend: 1
  perlinFrequency: 4
  perlinAmplitude: 1
  perlinOctaves: 8
  perlinBlend: 1
  smoothBlend: 1
  smoothIterations: 0
  normaliseMin: 0
  normaliseMax: 1
  normaliseBlend: 1
--- !u!1 &1779749187
GameObject:
  m_ObjectHideFlags: 0
  m_PrefabParentObject: {fileID: 0}
  m_PrefabInternal: {fileID: 0}
  serializedVersion: 5
  m_Component:
  - component: {fileID: 1779749189}
  - component: {fileID: 1779749188}
  m_Layer: 0
  m_Name: Directional Light
  m_TagString: Untagged
  m_Icon: {fileID: 0}
  m_NavMeshLayer: 0
  m_StaticEditorFlags: 0
  m_IsActive: 1
--- !u!108 &1779749188
Light:
  m_ObjectHideFlags: 0
  m_PrefabParentObject: {fileID: 0}
  m_PrefabInternal: {fileID: 0}
  m_GameObject: {fileID: 1779749187}
  m_Enabled: 1
  serializedVersion: 8
  m_Type: 1
  m_Color: {r: 1, g: 0.95686275, b: 0.8392157, a: 1}
  m_Intensity: 1
  m_Range: 10
  m_SpotAngle: 30
  m_CookieSize: 10
  m_Shadows:
    m_Type: 2
    m_Resolution: -1
    m_CustomResolution: -1
    m_Strength: 1
    m_Bias: 0.05
    m_NormalBias: 0.4
    m_NearPlane: 0.2
  m_Cookie: {fileID: 0}
  m_DrawHalo: 0
  m_Flare: {fileID: 0}
  m_RenderMode: 0
  m_CullingMask:
    serializedVersion: 2
    m_Bits: 4294967295
  m_Lightmapping: 4
  m_AreaSize: {x: 1, y: 1}
  m_BounceIntensity: 1
  m_ColorTemperature: 6570
  m_UseColorTemperature: 0
  m_ShadowRadius: 0
  m_ShadowAngle: 0
--- !u!4 &1779749189
Transform:
  m_ObjectHideFlags: 0
  m_PrefabParentObject: {fileID: 0}
  m_PrefabInternal: {fileID: 0}
  m_GameObject: {fileID: 1779749187}
  m_LocalRotation: {x: 0.40821788, y: -0.23456968, z: 0.10938163, w: 0.8754261}
  m_LocalPosition: {x: 0, y: 3, z: 0}
  m_LocalScale: {x: 1, y: 1, z: 1}
  m_Children: []
  m_Father: {fileID: 0}
  m_RootOrder: 1
  m_LocalEulerAnglesHint: {x: 50, y: -30, z: 0}
--- !u!1001 &2097662745
Prefab:
  m_ObjectHideFlags: 0
  serializedVersion: 2
  m_Modification:
    m_TransformParent: {fileID: 0}
    m_Modifications:
    - target: {fileID: 400000, guid: 6b436d069d11415d1100ab9b44295342, type: 2}
      propertyPath: m_LocalPosition.x
      value: 381
      objectReference: {fileID: 0}
    - target: {fileID: 400000, guid: 6b436d069d11415d1100ab9b44295342, type: 2}
      propertyPath: m_LocalPosition.y
      value: -336
      objectReference: {fileID: 0}
    - target: {fileID: 400000, guid: 6b436d069d11415d1100ab9b44295342, type: 2}
      propertyPath: m_LocalPosition.z
      value: 431
      objectReference: {fileID: 0}
    - target: {fileID: 400000, guid: 6b436d069d11415d1100ab9b44295342, type: 2}
      propertyPath: m_LocalRotation.x
      value: 0
      objectReference: {fileID: 0}
    - target: {fileID: 400000, guid: 6b436d069d11415d1100ab9b44295342, type: 2}
      propertyPath: m_LocalRotation.y
      value: 0
      objectReference: {fileID: 0}
    - target: {fileID: 400000, guid: 6b436d069d11415d1100ab9b44295342, type: 2}
      propertyPath: m_LocalRotation.z
      value: 0
      objectReference: {fileID: 0}
    - target: {fileID: 400000, guid: 6b436d069d11415d1100ab9b44295342, type: 2}
      propertyPath: m_LocalRotation.w
      value: 1
      objectReference: {fileID: 0}
    - target: {fileID: 400000, guid: 6b436d069d11415d1100ab9b44295342, type: 2}
      propertyPath: m_RootOrder
      value: 0
      objectReference: {fileID: 0}
    - target: {fileID: 400000, guid: 6b436d069d11415d1100ab9b44295342, type: 2}
      propertyPath: m_LocalScale.x
      value: 360.82748
      objectReference: {fileID: 0}
    - target: {fileID: 400000, guid: 6b436d069d11415d1100ab9b44295342, type: 2}
      propertyPath: m_LocalScale.y
      value: 22.551725
      objectReference: {fileID: 0}
    - target: {fileID: 400000, guid: 6b436d069d11415d1100ab9b44295342, type: 2}
      propertyPath: m_LocalScale.z
      value: 360.8276
      objectReference: {fileID: 0}
    m_RemovedComponents: []
  m_ParentPrefab: {fileID: 100100000, guid: 6b436d069d11415d1100ab9b44295342, type: 2}
  m_IsPrefabParent: 0
